% Articles

@article{awad2008,
	title	= {The history of 0.9\% saline},
	journal	= {Clinical Nutrition},
	volume	= {27},
	number	= {2},
	pages	= {179--188},
	year	= {2008},
	issn	= {0261-5614},
	doi	= {https://doi.org/10.1016/j.clnu.2008.01.008},
	url	= {https://www.sciencedirect.com/science/article/pii/S0261561408000289},
	author	= {Sherif Awad and Simon P. Allison and Dileep N. Lobo},
	keywords= {Sodium chloride, 0.9\% saline, Intravenous fluids, Parenteral fluids, Historical article, Origins}
}

@article{benedek1962,
	author	= {Tibor Benedek},
	title	= {Fragmenta mycologica},
	journal	= {Mycopathologia et mycologia applicata},
	year	= {1962},
	month	= {Sept},
	day	= {01},
	volume	= {17},
	number	= {3},
	pages	= {255--260},
	issn	= {1573-0832},
	doi	= {10.1007/BF02279298},
	url	= {https://doi.org/10.1007/BF02279298},
}

@article{bezerra2006,
	title	= {{Viability and molecular authentication of \textit{Coccidioides immitis} strains from culture collection of the Instituto Oswaldo Cruz, Rio de Janeiro, Brazil}},
	journal	= {Revista da Sociedade Brasileira de Medicina Tropical},
	author	= {Claudia C.F. Bezerra and Renata F. de Lima and Márcia S. Lazera and Bodo Wanke and Cíntia M. Borba},
	issn	= {0037-8682},
	language= {en},
	url	= {http://www.scielo.br/scielo.php?script=sci_arttext&pid=S0037-86822006000300002&nrm=iso},
	volume	= {39},
	year	= {2006},
	month	= {June},
	pages	= {241--244},
	publisher= {scielo},
	crossref= {10.1590/S0037-86822006000300002},
}

@article{boesewinkel1976,
	title	= {Storage of fungal cultures in water},
	journal	= {Transactions of the British Mycological Society},
	volume	= {66},
	number	= {1},
	pages	= {183--185},
	year	= {1976},
	issn	= {0007-1536},
	doi	= {https://doi.org/10.1016/S0007-1536(76)80119-2},
	url	= {https://www.sciencedirect.com/science/article/pii/S0007153676801192},
	author	= {H.J. Boesewinkel},
}

@article{boussau2009,
	author	= {Bastien Boussau and Vincent Daubin},
	title	= {Genomes as documents of evolutionary history},
	journal	= {Trends in Ecology \& Evolution},
	volume	= {25},
	number	= {4},
	pages	= {224--232},
	year	= {2010},
	month	= {Apr},
	doi	= {https://doi.org/10.1016/j.tree.2009.09.007},
	url	= {https://www.ncbi.nlm.nih.gov/pubmed/19880211},
}

@article{cavalcanti2013,
	title	= {{Viability and molecular authentication of \textit{Coccidioides} spp. isolates from the Instituto de Medicina Tropical de São Paulo culture collection, Brazil}},
	journal	= {Revista do Instituto de Medicina Tropical de São Paulo},
	author	= {Sarah Desirée Barbosa Cavalcanti and Mônica Scarpelli Martinelli Vidal and Maria da Glória Teixeira de Sousa and Gilda Maria Barbaro Del Negro},
	issn	= {0036-4665},
	language= {en},
	url	= {http://www.scielo.br/scielo.php?script=sci_arttext&pid=S0036-46652013000100002&nrm=iso},
	volume	= {55},
	year	= {2013},
	month	= {Feb},
	pages	= {7--11},
	publisher= {scielo},
	crossref= {10.1590/S0036-46652013000100002},
}

@article{castellani1939,
	author	= {Aldo Castellani},
	title	= {The viability of some pathogenic fungi in sterile distilled water},
	journal	= {Journal of Tropical Medicine and Hygiene},
	volume	= {42},
	pages	= {225--226},
	year	= {1939},
}

@article{castellani1963,
	author	= {Aldo Castellani},
	title	= {Further researches on the long viability and growth of many pathogenic fungi and some bacteria in sterile distilled water},
	journal	= {Mycopathologia et Mycologia Applicata},
	volume	= {20},
	pages	= {1},
	year	= {1963},
}

@article{castellani1964,
	author	= {Aldo Castellani},
	title	= {The ``Water Cultivation'' of Pathogenic Fungi},
	journal	= {Annales de la Société belge de médecine tropicale},
	volume	= {44},
	number	= {2},
	pages	= {217--220},
	year	= {1964},
	issn	= {0365-6527},
	url	= {http://lib.itg.be/open/asbmt/1964/1964asbm0217.pdf},
}

@article{castellani1967,
	author	= {Aldo Castellani},
	title	= {{A maintenance and cultivation of the common pathogenic fungi of man in sterile distilled water. Further researches}},
	journal	= {Journal of Tropical Medicine and Hygiene},
	volume	= {70},
	pages	= {181--184},
	year	= {1967},
}

@article{clancy2010,
	author	= {Kevin Clancy and Christopher A. Voigt},
	title	= {Programming Cells: Towards an automated ``Genetic Compiler''},
	journal	= {Current Opinion in Biotechnology},
	volume	= {21},
	number	= {4},
	pages	= {572--581},
	year	= {2010},
	month	= {Aug},
	doi	= {10.1016/j.copbio.2010.07.005},
	url	= {https://www.ncbi.nlm.nih.gov/pmc/articles/PMC2950163/},
}

@article{deCapriles1989,
	author	= {Claudia Hartung de Capriles and Sofia Mata and Marianne Middelveen},
	title	= {Preservation of fungi in water (Castellani): 20 years},
	journal	= {Mycopathologia},
	year	= {1989},
	month	= {May},
	day	= {01},
	volume	= {106},
	number	= {2},
	pages	= {73--79},
	issn	= {1573-0832},
	doi	= {10.1007/BF00437084},
	url	= {https://doi.org/10.1007/BF00437084},
}

@article{diogo2005,
	title	= {Preservação de fungos em água destilada},
	journal	= {Anais Brasileiros de Dermatologia},
	author	= {Hilda Conceição Diogo and Aldo Sarpieri and Mário Cezar Pires},
	issn	= {0365-0596},
	language= {pt},
	url	= {http://www.scielo.br/scielo.php?script=sci_arttext&pid=S0365-05962005000700004&nrm=iso},
	volume	= {80},
	year	= {2005},
	month	= {Dec},
	pages	= {591--594},
	publisher= {scielo},
	crossref= {10.1590/S0365-05962005000700004},
}

@article{ellis1979,
	issn	= {00275514, 15572536},
	url	= {https://www.jstor.org/stable/3759297},
	author	= {J. J. Ellis},
	journal	= {Mycologia},
	number	= {5},
	pages	= {1072--1075},
	publisher= {Mycological Society of America},
	title	= {Preserving Fungus Strains in Sterile Water},
	volume	= {71},
	year	= {1979},
}

@mastersthesis{goler2004,
	author	= {Jonathan A. Goler},
	title	= {{BioJADE: A design and simulation tool for synthetic biological systems}},
	school	= {MIT CSAIL},
	type	= {Diploma thesis},
	year	= {2004},
	month	= {May},
	url	= {https://hdl.handle.net/1721.1/30475},
}

@article{homolka2001,
	title	= {Cryopreservation of basidiomycete strains using perlite},
	journal	= {Journal of Microbiological Methods},
	volume	= {47},
	number	= {3},
	pages	= {307--313},
	year	= {2001},
	issn	= {0167-7012},
	doi	= {https://doi.org/10.1016/S0167-7012(01)00338-4},
	url	= {https://www.sciencedirect.com/science/article/pii/S0167701201003384},
	author	= {Ladislav Homolka and Ludmila Lisá and Ivana Eichlerová and František Nerud},
	keywords= {Basidiomycetes, Cryopreservation, Liquid nitrogen, Perlite},
}
@article{gellens2000,
	author	= {Hellens, Roger P. Hellens and E. Anne Edwards and Nicola R. Leyland and Samantha Bean and Philip M. Mullineaux},
	title	= {{pGreen: a versatile and flexible binary Ti vector for Agrobacterium-mediated plant transformation}},
	journal	= {Plant Molecular Biology},
	year	= {2000},
	month	= {Apr},
	day	= {01},
	volume	= {42},
	number	= {6},
	pages	= {819--832},
	issn	= {1573-5028},
	doi	= {10.1023/A:1006496308160},
	url	= {https://doi.org/10.1023/A:1006496308160}
}

@article{homolka2006,
	title	= {Basidiomycete cryopreservation on perlite: Evaluation of a new method},
	journal	= {Cryobiology},
	volume	= {52},
	number	= {3},
	pages	= {446--453},
	year	= {2006},
	issn	= {0011-2240},
	doi	= {https://doi.org/10.1016/j.cryobiol.2006.02.003},
	url	= {https://www.sciencedirect.com/science/article/pii/S0011224006000484},
	author	= {Ladislav Homolka and Ludmila Lisá and František Nerud},
	keywords= {Cryopreservation, Perlite, Basidiomycetes, Liquid nitrogen, Laccase},
}

@article{homolka2014,
	title	= {Preservation of live cultures of basidiomycetes---Recent methods},
	journal	= {Fungal Biology},
	volume	= {118},
	number	= {2},
	pages	= {107--125},
	year	= {2014},
	issn	= {1878-6146},
	doi	= {https://doi.org/10.1016/j.funbio.2013.12.002},
	url	= {https://www.sciencedirect.com/science/article/pii/S1878614613001803},
	author	= {Ladislav Homolka},
	keywords= {Fungi, Maintenance methods},
}

@article{howard1991,
	author	= {RJ Howard and MA Ferrari and DH Roach and NP Money},
	title	= {Penetration of hard substrates by a fungus employing enormous turgor pressures},
	journal	= {Proceedings of the National Academy of Sciences},
	volume	= {88},
	number	= {24},
	pages	= {11281-4},
	year	= {1991},
	month	= {Dec},
}

@article{kelle2007,
	author	= {Alexander Kelle},
	title	= {{Synthetic biology \& biosecurity awareness in Europe}},
	journal	= {Bradford Science and Technology Report},
	volume	= {9},
	year	= {2007},
	month	= {Nov},
	url	= {http://www.synbiosafe.eu/uploads/pdf/Synbiosafe-Biosecurity_awareness_in_Europe_Kelle.pdf},
}

@article{linde2017,
	title	= {Long-term cryopreservation of basidiomycetes},
	journal	= {Brazilian Journal of Microbiology},
	year	= {2017},
	issn	= {1517-8382},
	doi	= {https://doi.org/10.1016/j.bjm.2017.08.004},
	url	= {https://www.sciencedirect.com/science/article/pii/S1517838216313934},
	author	= {Giani Andrea Linde and Alana Luciani and Ana Daniela Lopes and Juliana Silveira do Valle and Nelson Barros Colauto},
	keywords= {Preservation, Substrate, Fungi, Mycelial viability, Cryoprotectant}
}

@article{liu2000,
	author	= {Don Liu and Sue Coloe and Rob Baird and John Pedersen},
	title	= {{Rapid Mini-Preparation of Fungal DNA for PCR}},
	journal	= {Journal of Clinical Microbiology},
	volume	= {38},
	number	= {1},
	pages	= {471},
	year	= {2000},
	month	= {Jan},
	url	= {https://www.ncbi.nlm.nih.gov/pmc/articles/PMC88759/},
}

@article{mcginnis1974,
	author	= {M. R. McGinnis and A. A. Padhye and L. Ajello},
	title	= {Storage of Stock Cultures of Filamentous Fungi, Yeasts, and Some Aerobic Actinomycetes in Sterile Distilled Water},
	journal	= {Applied Microbiology},
	volume	= {28},
	number	= {2},
	pages	= {218--222},
	year	= {1974},
	month	= {Aug},
	issn	= {0003-6919},
	url	= {https://www.ncbi.nlm.nih.gov/pmc/articles/PMC186689/},
}

@article{mobjerg2011,
	author	= {N. Møbjerg and K. A. Halberg and A. Jørgensen and D. Perssonand M. Bjørn and H. Ramløv and R. M. Kristensen},
	title	= {{Survival in extreme environments---On the current knowledge of adaptations in tardigrades}},
	journal	= {Acta Physiologica},
	volume	= {202},
	number	= {3},
	publisher= {Blackwell Publishing Ltd},
	issn	= {1748--1716},
	url	= {https://dx.doi.org/10.1111/j.1748-1716.2011.02252.x},
	doi	= {10.1111/j.1748-1716.2011.02252.x},
	pages	= {409--420},
	keywords= {cell numbers, cryptobiosis, evolution, osmoreglation, supercooling, tardigrade},
	year	= {2011},
}

@article{money1995,
	author	= {Nicholas P. Money},
	title	= {Turgor pressure and the mechanics of fungal penetration},
	journal	= {Canadian Journal of Botany},
	volume	= {73},
	number	= {S1},
	pages	= {96--102},
	year	= {1995},
	doi	= {10.1139/b95-231},
	url	= {https://doi.org/10.1139/b95-231},
	eprint = {https://doi.org/10.1139/b95-231},
}

@article{mueller1998,
	author	= {Frank-Michael C. Müller and Katherine E. Werner and Miki Kasai and Andrea Francesconiand Stephen J. Chanock and Thomas J. Walsh},
	title	= {Rapid Extraction of Genomic DNA from Medically Important Yeasts and Filamentous Fungi by High-Speed Cell Disruption},
	journal	= {Journal of Clinical Microbiology},
	volume	= {36},
	number	= {6},
	pages	= {1625--1629},
	year	= {1998},
	month	= {Jun},
	url	= {https://www.ncbi.nlm.nih.gov/pmc/articles/PMC104890/},
}

@article{nakatani2017,
	author	= {Yoichiro Nakatani and Aoife McLysaght},
	title	= {Genomes as documents of evolutionary history: A probabilistic macrosynteny model for the reconstruction of ancestral genomes},
	journal	= {Bioinformatics},
	volume	= {33},
	number	= {14},
	pages	= {i369-i378},
	year	= {2017},
	doi	= {10.1093/bioinformatics/btx259},
	url	= {https://dx.doi.org/10.1093/bioinformatics/btx259},
	eprint	= {/oup/backfile/content_public/journal/bioinformatics/33/14/10.1093_bioinformatics_btx259/4/btx259.pdf},
}

@article{odds1991,
	author	= {F.C. Odds},
	title	= {Long-term laboratory preservation of pathogenic yeasts in water},
	journal	= {Journal of Medical and Veterinary Mycology},
	volume	= {29},
	number	= {6},
	pages	= {413-415},
	year 	= {1991},
	publisher= {Taylor \& Francis},
	doi	= {10.1080/02681219180000651},
	url	= {https://www.tandfonline.com/doi/abs/10.1080/02681219180000651},
	eprint	= {https://www.tandfonline.com/doi/pdf/10.1080/02681219180000651},
}

@article{onofri2012,
	author	= {Silvano Onofri and Rosa de la Torre and Jean-Pierre de Vera and Sieglinde Ott and Laura Zucconi and Laura Selbmann and Giuliano Scalzi and Kasthuri J. Venkateswaran and Elke Rabbow and Francisco J. Sánchez Iñigo and Gerda Horneck},
	title	= {Survival of Rock-Colonizing Organisms After 1.5 Years in Outer Space},
	journal	= {Astrobiology},
	volume	= {12},
	number	= {5},
	pages	= {508--516},
	year	= {2012},
	month	= {June},
	doi	= {https://doi.org/10.1089/ast.2011.0736},
	url	= {https://online.liebertpub.com/doi/abs/10.1089/ast.2011.0736},
}

@article{pellicer2010,
	author	= {Jaume Pellicer and Michael F. Fay and Ilia J. Leitch},
	title	= {The largest eukaryotic genome of them all?},
	journal	= {Botanical Journal of the Linnean Society},
	volume	= {164},
	number	= {1},
	pages	= {10--15},
	year	= {2010},
	doi	= {10.1111/j.1095-8339.2010.01072.x},
	url	= {https://dx.doi.org/10.1111/j.1095-8339.2010.01072.x},
	eprint	= {/oup/backfile/content_public/journal/botlinnean/164/1/10.1111_j.1095-8339.2010.01072.x/2/j.1095-8339.2010.01072.x.pdf},
}

@article{raja2017,
	author	= {Huzefa A. Raja and Andrew N. Miller and Cedric J. Pearce and Nicholas H. Oberlies},
	title	= {Fungal Identification Using Molecular Tools: A Primer for the Natural Products Research Community},
	journal	= {Journal of Natural Products},
	volume	= {80},
	number	= {3},
	pages	= {756--770},
	year	= {2017},
	doi	= {10.1021/acs.jnatprod.6b01085},
	note	= {PMID: 28199101},
	url	= {https://dx.doi.org/10.1021/acs.jnatprod.6b01085},
	eprint	= {https://dx.doi.org/10.1021/acs.jnatprod.6b01085},
}

@article{ryan2003,
	author	= {M.J. Ryan and D. Smith and P.D. Bridge and P. Jeffries},
	title	= {The relationship between fungal preservation method and secondary metabolite production in Metarhizium anisopliae and Fusarium oxysporum},
	journal	= {World Journal of Microbiology and Biotechnology},
	year	= {2003},
	month	= {Nov},
	day	= {01},
	volume	= {19},
	number	= {8},
	pages	= {839--844},
	issn	= {1573-0972},
	doi	= {10.1023/A:1026008416131},
	url	= {https://doi.org/10.1023/A:1026008416131},
}

@article{tresner1971,
	author	= {H. D. Tresner and Jean A. Hayes},
	title	= {Sodium Chloride Tolerance of Terrestrial Fungi},
	journal	= {Applied and Environmental Microbiology},
	volume	= {22},
	number	= {2},
	pages	= {210--213},
	year	= {1971},
	month	= {Aug},
	url	= {http://pubmedcentralcanada.ca/pmcc/articles/PMC377415/},
}

@article{wang1993,
	author	= {Hong Wang and Meiqing Qi and Adrian J. Cutler},
	title	= {{A simple method of preparing plant samples for PCR}},
	journal	= {Nucleic Acids Research},
	volume	= {21},
	number	= {17},
	pages	= {4153--4154},
	year	= {1993},
	month	= {July},
}


% Books

@inbook{GGMM,
	author	= {Paul Stamets},
	title	= {Growing Gourmet and Medicinal Mushrooms},
	chapter	= {12},
	pages	= {110--121},
	publisher= {Ten Speed Press},
	edition	= {3rd},
	year	= {2000},
	isbn	= {9781607741381},
}

@book{NAP2017,
	author	= {National Academies of Sciences, Engineering, and Medicine},
	title	= {A Proposed Framework for Identifying Potential Biodefense Vulnerabilities Posed by Synthetic Biology: Interim Report},
	isbn	= {978-0-309-46286-0},
	doi	= {10.17226/24832},
	url	= {https://www.nap.edu/catalog/24832/a-proposed-framework-for-identifying-potential-biodefense-vulnerabilities-posed-by-synthetic-biology},
	year	= {2017},
	publisher= {The National Academies Press},
	address	= {Washington, DC}
}


% Websites

@misc{blockchain,
	author	= {Blockchain Luxembourg S.A.},
	title	= {Blockchain Size},
	howpublished= {\href{https://blockchain.info/charts/blocks-size?timespan=all}{blockchain.info}},
	note	= {Online; accessed 2017-Nov-28},
}

@misc{btcpower,
	author	= {Digiconomist},
	title	= {Bitcoin Energy Consumption Index},
	howpublished= {\href{https://digiconomist.net/bitcoin-energy-consumption}{digiconomist.net}},
	note	= {Online; accessed 2017-Nov-28},
}

@misc{dH2O,
	author	= {Home Reverse Osmosis},
	title	= {What's in the Water You Buy?},
	howpublished= {\href{http://www.h2ro.com/bottled2.htm}{www.h2ro.com}},
	note	= {Online; accessed 2017-Nov-27},
}

@misc{pvalue,
	author	= {Fungi Perfecti},
	title	= {{What is the Stamets P Value System?}},
	howpublished= {\href{https://www.fungi.com/blog/items/what-is-the-stamets-p-value-system.html}{www.fungi.com}},
	year	= {2010},
	month	= {June},
	note	= {Online; accessed 2017-Nov-13},
}

@misc{rockefeller,
	author	= {Alan Rockefeller},
	title	= {{DNA sequencing}},
	howpublished= {\href{https://wiki.counterculturelabs.org/index.php?title=DNA_sequencing&oldid=1164}{wiki.counterculturelabs.org}},
	year	= {2017},
	month	= {Dec},
	note	= {Online; accessed 2018-Feb-14},
}
